<record><leader>00000cas a22000007a 4500</leader><controlfield tag="001">11166858</controlfield><controlfield tag="008">840918d1918198uwiuwr ne      0   a0eng d</controlfield><datafield ind1=" " ind2=" " tag="010"><subfield code="a">sn 84001212 </subfield></datafield><datafield ind1=" " ind2=" " tag="040"><subfield code="a">NSD</subfield><subfield code="b">eng</subfield><subfield code="c">NSD</subfield><subfield code="d">NPV</subfield><subfield code="d">NSD</subfield><subfield code="d">OCLCQ</subfield></datafield><datafield ind1=" " ind2=" " tag="012"><subfield code="j">0</subfield><subfield code="l">1</subfield><subfield code="m">d</subfield></datafield><datafield ind1="1" ind2=" " tag="022"><subfield code="a">0749-7229</subfield><subfield code="l">0749-7229</subfield><subfield code="2">1</subfield></datafield><datafield ind1="1" ind2=" " tag="029"><subfield code="a">AU@</subfield><subfield code="b">000025827328</subfield></datafield><datafield ind1=" " ind2=" " tag="037"><subfield code="b">Triple S Press, 219 East LaSalle Ave., Barron, WI 54812</subfield></datafield><datafield ind1=" " ind2=" " tag="042"><subfield code="a">nsdp</subfield></datafield><datafield ind1=" " ind2=" " tag="045"><subfield code="a">x1--</subfield></datafield><datafield ind1=" " ind2=" " tag="052"><subfield code="a">4123</subfield><subfield code="b">B3</subfield></datafield><datafield ind1=" " ind2="0" tag="222"><subfield code="a">Barron County news-shield</subfield></datafield><datafield ind1="0" ind2="0" tag="245"><subfield code="a">Barron County news-shield.</subfield></datafield><datafield ind1="1" ind2="0" tag="246"><subfield code="a">Barron County news shield</subfield></datafield><datafield ind1="1" ind2="0" tag="246"><subfield code="a">News shield</subfield></datafield><datafield ind1=" " ind2=" " tag="260"><subfield code="a">Barron, Wis. :</subfield><subfield code="b">N.S. Gordon,</subfield><subfield code="c">1918-</subfield></datafield><datafield ind1=" " ind2=" " tag="300"><subfield code="a">v. :</subfield><subfield code="b">ill.</subfield></datafield><datafield ind1=" " ind2=" " tag="310"><subfield code="a">Weekly</subfield></datafield><datafield ind1="1" ind2=" " tag="362"><subfield code="a">Began in 1918?</subfield></datafield><datafield ind1=" " ind2=" " tag="530"><subfield code="a">Available on microfilm from The State Historical Society of Wisconsin.</subfield></datafield><datafield ind1=" " ind2=" " tag="500"><subfield code="a">Editors: E.H. Stern, June 6, 1940-July 1, 1943, Oct. 30, 1968-March26, 1969; H.J. Newton, April 2, 1969-April 28, 1971; B.H. Swenson, Aug. 1, 1979-Dec. 10, 1980; J. Bell, Dec. 17, 1980-Jan. 13, 1982; M. Strandlund, Jan. 20, 1982-May 15, 1985; P. Guttormsson, June 12, 1985-</subfield></datafield><datafield ind1=" " ind2=" " tag="580"><subfield code="a">Absorbed the Prairie Farm Breeze (Prairie Farm, Wis.) in Nov., 1920.</subfield></datafield><datafield ind1="0" ind2="5" tag="780"><subfield code="t">Barron County shield</subfield><subfield code="w">(DLC)sn  86086118</subfield></datafield><datafield ind1="1" ind2="5" tag="780"><subfield code="t">Prairie Farm breeze</subfield></datafield><datafield ind1=" " ind2=" " tag="752"><subfield code="a">United States</subfield><subfield code="b">Wisconsin</subfield><subfield code="c">Barron</subfield><subfield code="d">Barron.</subfield></datafield><datafield ind1=" " ind2=" " tag="752"><subfield code="a">United States</subfield><subfield code="b">Wisconsin</subfield><subfield code="c">Barron</subfield><subfield code="d">Prairie Farm.</subfield></datafield><datafield ind1="0" ind2="0" tag="785"><subfield code="t">Barron news-shield</subfield><subfield code="x">0896-5560</subfield><subfield code="w">(DLC)sn 87003545</subfield></datafield></record>